%%%%%%%%%%%%%%%%%%%%%%%%%%%%%%%%%%%%%%%%%
% Bibliography for Geometric Dynamics
%%%%%%%%%%%%%%%%%%%%%%%%%%%%%%%%%%%%%%%%%

@article{Anderson2008,
  author  = {J. D. Anderson and J. K. Campbell and J. E. Ekelund and J. Ellis and J. F. Jordan},
  title   = {Anomalous Orbital-Energy Changes Observed during Spacecraft Flybys of Earth},
  journal = {Phys. Rev. Lett.},
  volume  = {100},
  issue   = {9},
  pages   = {091102},
  year    = {2008},
  doi     = {10.1103/PhysRevLett.100.091102}
}

@article{Anderson2018,
  author  = {J. D. Anderson and G. L. Comcast and L. K. Kervin and E. L. Lau},
  title   = {The Search for the Flyby Anomaly: A New Look at Juno Data},
  journal = {arXiv e-prints},
  eprint  = {1802.08316},
  archivePrefix = {arXiv},
  primaryClass = {astro-ph.EP},
  year    = {2018}
}

@techreport{NASA_NEAR_Report,
  author      = {{NASA Mission Operations Directorate}},
  title       = {NEAR Shoemaker Mission Anomaly Report: Rendezvous Burn Interruption},
  institution = {NASA Goddard Space Flight Center},
  type        = {NASA Technical Memorandum},
  year        = {1999},
  note        = {Internal Report}
}

@article{Carpenter1992,
  author  = {D. L. Carpenter and R. R. Anderson},
  title   = {An ISEE/Whistler model of the plasmasphere},
  journal = {J. Geophys. Res.},
  volume  = {97},
  issue   = {A2},
  pages   = {1097--1108},
  year    = {1992},
  doi     = {10.1029/91JA01548}
}

@article{Horwitz1990,
  author  = {J. L. Horwitz and R. H. Comfort and C. R. Chappell},
  title   = {A statistical characterization of plasmasphere density structure and boundary locations},
  journal = {J. Geophys. Res.},
  volume  = {95},
  issue   = {A6},
  pages   = {7937--7947},
  year    = {1990},
  doi     = {10.1029/JA095iA06p07937}
}

@article{IGRF13,
  author  = {P. Alken and E. Thébault and C. D. Beggan and et al.},
  title   = {International Geomagnetic Reference Field: the 13th generation},
  journal = {Earth, Planets and Space},
  volume  = {73},
  issue   = {1},
  pages   = {49},
  year    = {2021},
  doi     = {10.1186/s40623-020-01288-x}
}

@article{Cummer2016,
  author  = {Steven A. Cummer and Johan Christensen and Andrea Alù},
  title   = {Controlling sound with acoustic metamaterials},
  journal = {Nature Reviews Materials},
  volume  = {1},
  issue   = {6},
  pages   = {16001},
  year    = {2016},
  doi     = {10.1038/natrevmats.2016.1}
}

@article{FEniCS_Project,
  author  = {M. S. Alnæs and J. Blechta and J. Hake and A. Johansson and B. Kehlet and A. Logg and C. Richardson and J. Ring and M. E. Rognes and G. N. Wells},
  title   = {The FEniCS Project Version 1.5},
  journal = {Archive of Numerical Software},
  volume  = {3},
  number  = {100},
  pages   = {9--23},
  year    = {2015},
  doi     = {10.11588/ans.2015.100.20553}
}